{
  "leader": "05596cas a2200877 a 4500",
  "fields": [
    {
      "001": "ocm01479963\\"
    },
    {
      "003": "OCoLC"
    },
    {
      "005": "20220225134611.0"
    },
    {
      "008": "750726d19472012mduqr\\p\\\\\\\\\\\\\\0\\\\\\a0eng\\c"
    },
    {
      "010": {
        "ind1": "\\",
        "ind2": "\\",
        "subfields": [
          {
            "a": "   54014502 "
          }
        ]
      }
    },
    {
      "040": {
        "ind1": "\\",
        "ind2": "\\",
        "subfields": [
          {
            "a": "MUL"
          },
          {
            "b": "eng"
          },
          {
            "c": "MUL"
          },
          {
            "d": "SUL"
          },
          {
            "d": "DLC"
          },
          {
            "d": "NSD"
          },
          {
            "d": "DLC"
          },
          {
            "d": "NSD"
          },
          {
            "d": "DLC"
          },
          {
            "d": "NST"
          },
          {
            "d": "OCL"
          },
          {
            "d": "AIP"
          },
          {
            "d": "DLC"
          },
          {
            "d": "AIP"
          },
          {
            "d": "NSD"
          },
          {
            "d": "AIP"
          },
          {
            "d": "DLC"
          },
          {
            "d": "NST"
          },
          {
            "d": "HUL"
          },
          {
            "d": "OCL"
          },
          {
            "d": "DLC"
          },
          {
            "d": "OCL"
          },
          {
            "d": "IUL"
          },
          {
            "d": "SYS"
          },
          {
            "d": "IUL"
          },
          {
            "d": "EBZ"
          },
          {
            "d": "OCLCQ"
          },
          {
            "d": "WAU"
          },
          {
            "d": "NLM"
          },
          {
            "d": "CDS"
          },
          {
            "d": "NYG"
          },
          {
            "d": "GK8"
          },
          {
            "d": "CUS"
          },
          {
            "d": "TJC"
          },
          {
            "d": "ZP2"
          },
          {
            "d": "OCLCQ"
          },
          {
            "d": "CUS"
          },
          {
            "d": "IDB"
          },
          {
            "d": "DLC"
          },
          {
            "d": "MLN"
          },
          {
            "d": "AQM"
          },
          {
            "d": "OCLCF"
          },
          {
            "d": "HLS"
          },
          {
            "d": "FHL"
          },
          {
            "d": "OCLCO"
          },
          {
            "d": "HLS"
          },
          {
            "d": "OCLCO"
          },
          {
            "d": "CUS"
          },
          {
            "d": "UPM"
          },
          {
            "d": "DML"
          },
          {
            "d": "OCLCQ"
          },
          {
            "d": "GRR"
          },
          {
            "d": "OCLCO"
          },
          {
            "d": "NLC"
          },
          {
            "d": "AVA"
          },
          {
            "d": "OCLCQ"
          },
          {
            "d": "IL4J6"
          },
          {
            "d": "OCLCQ"
          },
          {
            "d": "GUA"
          }
        ]
      }
    },
    {
      "012": {
        "ind1": "\\",
        "ind2": "\\",
        "subfields": [
          {
            "a": "3"
          },
          {
            "b": "3"
          },
          {
            "e": "s"
          },
          {
            "j": "0"
          },
          {
            "k": "1"
          },
          {
            "m": "1"
          }
        ]
      }
    },
    {
      "016": {
        "ind1": "\\",
        "ind2": "\\",
        "subfields": [
          {
            "a": "(AMICUS)000000326171"
          }
        ]
      }
    },
    {
      "016": {
        "ind1": "7",
        "ind2": "\\",
        "subfields": [
          {
            "a": "100966485"
          },
          {
            "2": "DNLM"
          }
        ]
      }
    },
    {
      "019": {
        "ind1": "\\",
        "ind2": "\\",
        "subfields": [
          {
            "a": "1219827"
          },
          {
            "a": "9845725"
          },
          {
            "a": "23060376"
          },
          {
            "a": "50263029"
          },
          {
            "a": "197866602"
          },
          {
            "a": "731489458"
          },
          {
            "a": "810215609"
          },
          {
            "a": "851572027"
          },
          {
            "a": "1009010305"
          },
          {
            "a": "1051108260"
          },
          {
            "a": "1052686412"
          },
          {
            "a": "1054979562"
          },
          {
            "a": "1081061289"
          },
          {
            "a": "1124344907"
          },
          {
            "a": "1149118206"
          },
          {
            "a": "1152900501"
          },
          {
            "a": "1152926004"
          },
          {
            "a": "1152938663"
          },
          {
            "a": "1153415677"
          },
          {
            "a": "1153694006"
          },
          {
            "a": "1154376029"
          },
          {
            "a": "1155162703"
          },
          {
            "a": "1155722535"
          }
        ]
      }
    },
    {
      "022": {
        "ind1": "0",
        "ind2": "\\",
        "subfields": [
          {
            "a": "0002-8738"
          },
          {
            "l": "0002-8738"
          },
          {
            "2": "1"
          }
        ]
      }
    },
    {
      "032": {
        "ind1": "\\",
        "ind2": "\\",
        "subfields": [
          {
            "a": "018900"
          },
          {
            "b": "USPS"
          }
        ]
      }
    },
    {
      "035": {
        "ind1": "\\",
        "ind2": "\\",
        "subfields": [
          {
            "a": "(OCoLC)1479963"
          },
          {
            "z": "(OCoLC)1219827"
          },
          {
            "z": "(OCoLC)9845725"
          },
          {
            "z": "(OCoLC)23060376"
          },
          {
            "z": "(OCoLC)50263029"
          },
          {
            "z": "(OCoLC)197866602"
          },
          {
            "z": "(OCoLC)731489458"
          },
          {
            "z": "(OCoLC)810215609"
          },
          {
            "z": "(OCoLC)851572027"
          },
          {
            "z": "(OCoLC)1009010305"
          },
          {
            "z": "(OCoLC)1051108260"
          },
          {
            "z": "(OCoLC)1052686412"
          },
          {
            "z": "(OCoLC)1054979562"
          },
          {
            "z": "(OCoLC)1081061289"
          },
          {
            "z": "(OCoLC)1124344907"
          },
          {
            "z": "(OCoLC)1149118206"
          },
          {
            "z": "(OCoLC)1152900501"
          },
          {
            "z": "(OCoLC)1152926004"
          },
          {
            "z": "(OCoLC)1152938663"
          },
          {
            "z": "(OCoLC)1153415677"
          },
          {
            "z": "(OCoLC)1153694006"
          },
          {
            "z": "(OCoLC)1154376029"
          },
          {
            "z": "(OCoLC)1155162703"
          },
          {
            "z": "(OCoLC)1155722535"
          }
        ]
      }
    },
    {
      "042": {
        "ind1": "\\",
        "ind2": "\\",
        "subfields": [
          {
            "a": "nsdp"
          },
          {
            "a": "pcc"
          }
        ]
      }
    },
    {
      "043": {
        "ind1": "\\",
        "ind2": "\\",
        "subfields": [
          {
            "a": "n-us---"
          }
        ]
      }
    },
    {
      "050": {
        "ind1": "0",
        "ind2": "0",
        "subfields": [
          {
            "a": "E171"
          },
          {
            "b": ".A43"
          }
        ]
      }
    },
    {
      "082": {
        "ind1": "0",
        "ind2": "4",
        "subfields": [
          {
            "a": "973.05"
          },
          {
            "b": "AME"
          }
        ]
      }
    },
    {
      "210": {
        "ind1": "0",
        "ind2": "\\",
        "subfields": [
          {
            "a": "Am. herit."
          }
        ]
      }
    },
    {
      "222": {
        "ind1": "\\",
        "ind2": "0",
        "subfields": [
          {
            "a": "American heritage"
          }
        ]
      }
    },
    {
      "245": {
        "ind1": "0",
        "ind2": "0",
        "subfields": [
          {
            "a": "American heritage."
          }
        ]
      }
    },
    {
      "260": {
        "ind1": "\\",
        "ind2": "\\",
        "subfields": [
          {
            "a": "Cooperstown, N.Y. :"
          },
          {
            "b": "Published for the American Association for State and Local History,"
          },
          {
            "c": "1947-"
          }
        ]
      }
    },
    {
      "260": {
        "ind1": "2",
        "ind2": "\\",
        "subfields": [
          {
            "3": "Dec. 1954- :"
          },
          {
            "a": "New York, N.Y. :"
          },
          {
            "b": "American Heritage Pub. Co."
          }
        ]
      }
    },
    {
      "260": {
        "ind1": "3",
        "ind2": "\\",
        "subfields": [
          {
            "3": "<-2012> :"
          },
          {
            "a": "Rockville, Maryland :"
          },
          {
            "b": "American Heritage Society"
          }
        ]
      }
    },
    {
      "300": {
        "ind1": "\\",
        "ind2": "\\",
        "subfields": [
          {
            "a": "volumes :"
          },
          {
            "b": "illustrations (some color), facsimiles, maps (some color), portraits (some color) ;"
          },
          {
            "c": "27-29 cm"
          }
        ]
      }
    },
    {
      "310": {
        "ind1": "\\",
        "ind2": "\\",
        "subfields": [
          {
            "a": "Quarterly,"
          },
          {
            "b": "winter 2008-2012"
          }
        ]
      }
    },
    {
      "321": {
        "ind1": "\\",
        "ind2": "\\",
        "subfields": [
          {
            "a": "Quarterly (irregular),"
          },
          {
            "b": "Jan./Feb. 1947-summer 1954"
          }
        ]
      }
    },
    {
      "321": {
        "ind1": "\\",
        "ind2": "\\",
        "subfields": [
          {
            "a": "Bimonthly,"
          },
          {
            "b": "Dec. 1954-"
          }
        ]
      }
    },
    {
      "321": {
        "ind1": "\\",
        "ind2": "\\",
        "subfields": [
          {
            "a": "8 no. a year,"
          },
          {
            "b": "<July/Aug. 1994->"
          }
        ]
      }
    },
    {
      "321": {
        "ind1": "\\",
        "ind2": "\\",
        "subfields": [
          {
            "a": "Bimonthly (monthly in Oct.),"
          },
          {
            "b": "<Feb./Mar. 2002->"
          }
        ]
      }
    },
    {
      "336": {
        "ind1": "\\",
        "ind2": "\\",
        "subfields": [
          {
            "a": "text"
          },
          {
            "b": "txt"
          },
          {
            "2": "rdacontent"
          }
        ]
      }
    },
    {
      "337": {
        "ind1": "\\",
        "ind2": "\\",
        "subfields": [
          {
            "a": "unmediated"
          },
          {
            "b": "n"
          },
          {
            "2": "rdamedia"
          }
        ]
      }
    },
    {
      "338": {
        "ind1": "\\",
        "ind2": "\\",
        "subfields": [
          {
            "a": "volume"
          },
          {
            "b": "nc"
          },
          {
            "2": "rdacarrier"
          }
        ]
      }
    },
    {
      "362": {
        "ind1": "1",
        "ind2": "\\",
        "subfields": [
          {
            "a": "Began with v. 1, no. 1, Jan./Feb. 1947; ceased with v. 62, no. 2 (summer 2012)."
          }
        ]
      }
    },
    {
      "500": {
        "ind1": "\\",
        "ind2": "\\",
        "subfields": [
          {
            "a": "Publication suspended between Apr./May 2007 and winter 2008 issues."
          }
        ]
      }
    },
    {
      "515": {
        "ind1": "\\",
        "ind2": "\\",
        "subfields": [
          {
            "a": "Issues for Sept. 1949- designated new series, v. 1, no. 1-"
          }
        ]
      }
    },
    {
      "515": {
        "ind1": "\\",
        "ind2": "\\",
        "subfields": [
          {
            "a": "Issues for Sept. 1949 and Dec. 1954- omit the notation \"new series.\""
          }
        ]
      }
    },
    {
      "515": {
        "ind1": "\\",
        "ind2": "\\",
        "subfields": [
          {
            "a": "Issues for <2005> are called 56/1-"
          }
        ]
      }
    },
    {
      "525": {
        "ind1": "\\",
        "ind2": "\\",
        "subfields": [
          {
            "a": "Has supplements."
          }
        ]
      }
    },
    {
      "550": {
        "ind1": "\\",
        "ind2": "\\",
        "subfields": [
          {
            "a": "Sponsored by the American Association for State and Local History and the Society of American Historians, Dec. 1954-Apr./May 1982; by the Society alone, June/July 1982-"
          }
        ]
      }
    },
    {
      "555": {
        "ind1": "\\",
        "ind2": "\\",
        "subfields": [
          {
            "a": "Vol. 6 (1954/1955)-15 (1963/1964). 1 v.; v. 16 (1964/1965)-20 (1968/1969). 1 v.; v. 6 (1954/1955)-33 (1981/1982). 1 v.; v. 34, no. 1 (Dec. 1982)-38, no. 8 (Dec. 1987). 1 v.; v. 6, no. 1 (Dec 1954)-45, no. 8 (Dec 1994). 1 v.; Subject index: v. 6 (1954/1955)-17 (1965/1966). 1 v.; Subject index: 1954:Dec. 1954-December 1984. 1 v.; v. 6 (1954/1955)-40 (1989). 1 v.; Dec. 1954-Dec. 1989. 1 v.; Dec. 1954-Dec. 1994. 1 v.; v. 6, no. 1 (Dec 1954)-50, no. 8 (Dec 1999). 1 v.; v. 6 no. 1 (Dec. 1954)-55 no. 6 (Dec. 2004). 1 v."
          }
        ]
      }
    },
    {
      "588": {
        "ind1": "0",
        "ind2": "\\",
        "subfields": [
          {
            "a": "Vol. 1, no. 2 (Apr./May 1947)."
          }
        ]
      }
    },
    {
      "588": {
        "ind1": "1",
        "ind2": "\\",
        "subfields": [
          {
            "a": "Vol. 58, no. 3 (winter 2008)."
          }
        ]
      }
    },
    {
      "588": {
        "ind1": "1",
        "ind2": "\\",
        "subfields": [
          {
            "a": "Vol. 62, no. 2 (summer 2012)."
          }
        ]
      }
    },
    {
      "651": {
        "ind1": "\\",
        "ind2": "0",
        "subfields": [
          {
            "a": "United States"
          },
          {
            "x": "Civilization"
          },
          {
            "v": "Periodicals."
          }
        ]
      }
    },
    {
      "650": {
        "ind1": "\\",
        "ind2": "7",
        "subfields": [
          {
            "a": "Civilization."
          },
          {
            "2": "fast"
          },
          {
            "0": "(OCoLC)fst00862898"
          }
        ]
      }
    },
    {
      "651": {
        "ind1": "\\",
        "ind2": "7",
        "subfields": [
          {
            "a": "United States."
          },
          {
            "2": "fast"
          },
          {
            "0": "(OCoLC)fst01204155"
          }
        ]
      }
    },
    {
      "655": {
        "ind1": "\\",
        "ind2": "7",
        "subfields": [
          {
            "a": "Periodicals."
          },
          {
            "2": "fast"
          },
          {
            "0": "(OCoLC)fst01411641"
          }
        ]
      }
    },
    {
      "655": {
        "ind1": "\\",
        "ind2": "7",
        "subfields": [
          {
            "a": "Periodicals."
          },
          {
            "2": "lcgft"
          }
        ]
      }
    },
    {
      "710": {
        "ind1": "2",
        "ind2": "\\",
        "subfields": [
          {
            "a": "American Association for State and Local History."
          }
        ]
      }
    },
    {
      "710": {
        "ind1": "2",
        "ind2": "\\",
        "subfields": [
          {
            "a": "Society of American Historians."
          }
        ]
      }
    },
    {
      "710": {
        "ind1": "2",
        "ind2": "\\",
        "subfields": [
          {
            "a": "American Heritage Society."
          }
        ]
      }
    },
    {
      "776": {
        "ind1": "0",
        "ind2": "8",
        "subfields": [
          {
            "t": "American heritage (Online)"
          },
          {
            "x": "2161-8496"
          },
          {
            "w": "(DLC)  2011202296"
          },
          {
            "w": "(OCoLC)60622066"
          }
        ]
      }
    },
    {
      "776": {
        "ind1": "0",
        "ind2": "8",
        "subfields": [
          {
            "i": "Online version:"
          },
          {
            "t": "American heritage"
          },
          {
            "w": "(OCoLC)992751998"
          }
        ]
      }
    },
    {
      "850": {
        "ind1": "\\",
        "ind2": "\\",
        "subfields": [
          {
            "a": "CaMWUC"
          },
          {
            "a": "CoU"
          },
          {
            "a": "DLC"
          },
          {
            "a": "IaAS"
          },
          {
            "a": "IaU"
          },
          {
            "a": "MH"
          },
          {
            "a": "MH-BA"
          },
          {
            "a": "NcRS"
          },
          {
            "a": "PHi"
          }
        ]
      }
    },
    {
      "856": {
        "ind1": "4",
        "ind2": "1",
        "subfields": [
          {
            "3": "Archive"
          },
          {
            "u": "http://bibpurl.oclc.org/web/19773"
          },
          {
            "u": "http://www.americanheritage.com/articles/magazine/ah/"
          },
          {
            "z": "No longer available as of 12/18/2015."
          }
        ]
      }
    },
    {
      "856": {
        "ind1": "4",
        "ind2": "1",
        "subfields": [
          {
            "3": "Current issue"
          },
          {
            "u": "http://bibpurl.oclc.org/web/19770"
          },
          {
            "u": "http://www.americanheritage.com/magazine/"
          },
          {
            "z": "No longer available as of 12/18/2015."
          }
        ]
      }
    },
    {
      "891": {
        "ind1": "2",
        "ind2": "3",
        "subfields": [
          {
            "9": "853"
          },
          {
            "8": "1"
          },
          {
            "a": "v."
          },
          {
            "b": "no."
          },
          {
            "u": "06"
          },
          {
            "v": "r"
          },
          {
            "i": "(year/year)"
          },
          {
            "j": "(month/month)"
          },
          {
            "w": "b"
          },
          {
            "x": "12"
          }
        ]
      }
    },
    {
      "891": {
        "ind1": "4",
        "ind2": "0",
        "subfields": [
          {
            "9": "863"
          },
          {
            "8": "1.1"
          },
          {
            "a": "<6>"
          },
          {
            "i": "<1954/1955>"
          },
          {
            "x": "provisional"
          }
        ]
      }
    },
    {
      "891": {
        "ind1": "2",
        "ind2": "0",
        "subfields": [
          {
            "9": "853"
          },
          {
            "8": "2"
          },
          {
            "a": "v."
          },
          {
            "b": "no."
          },
          {
            "u": "8"
          },
          {
            "v": "r"
          },
          {
            "i": "(year/year)"
          },
          {
            "j": "(month/month)"
          },
          {
            "w": "b"
          },
          {
            "x": "12"
          },
          {
            "y": "pm12,02/03,04,05/06,07/08,09/10,11,12"
          }
        ]
      }
    },
    {
      "891": {
        "ind1": "4",
        "ind2": "0",
        "subfields": [
          {
            "9": "863"
          },
          {
            "8": "2.1"
          },
          {
            "a": "<38>"
          },
          {
            "i": "<1986/1987>"
          },
          {
            "x": "provisional"
          }
        ]
      }
    },
    {
      "891": {
        "ind1": "2",
        "ind2": "0",
        "subfields": [
          {
            "9": "853"
          },
          {
            "8": "3"
          },
          {
            "a": "v."
          },
          {
            "b": "no."
          },
          {
            "u": "8"
          },
          {
            "v": "r"
          },
          {
            "i": "(year)"
          },
          {
            "j": "(month)"
          },
          {
            "w": "m"
          },
          {
            "x": "02"
          },
          {
            "y": "pm02,03,04,05/06,07/08,09/10,11,12"
          }
        ]
      }
    },
    {
      "891": {
        "ind1": "4",
        "ind2": "0",
        "subfields": [
          {
            "9": "863"
          },
          {
            "8": "3.1"
          },
          {
            "a": "<39>"
          },
          {
            "i": "<1988>"
          },
          {
            "x": "provisional"
          }
        ]
      }
    },
    {
      "891": {
        "ind1": "2",
        "ind2": "0",
        "subfields": [
          {
            "9": "853"
          },
          {
            "8": "4"
          },
          {
            "a": "v."
          },
          {
            "b": "no."
          },
          {
            "u": "8"
          },
          {
            "v": "r"
          },
          {
            "i": "(year)"
          },
          {
            "j": "(month)"
          },
          {
            "w": "m"
          },
          {
            "x": "02"
          },
          {
            "y": "pm02/03,04,05/06,07/08,09,10,11,12"
          }
        ]
      }
    },
    {
      "891": {
        "ind1": "4",
        "ind2": "0",
        "subfields": [
          {
            "9": "863"
          },
          {
            "8": "4.1"
          },
          {
            "a": "<42>"
          },
          {
            "i": "<1991>"
          },
          {
            "x": "provisional"
          }
        ]
      }
    },
    {
      "891": {
        "ind1": "2",
        "ind2": "0",
        "subfields": [
          {
            "9": "853"
          },
          {
            "8": "5"
          },
          {
            "a": "(*)"
          },
          {
            "b": "(*)"
          },
          {
            "u": "6"
          },
          {
            "v": "r"
          },
          {
            "i": "(year)"
          },
          {
            "j": "(month/month)"
          },
          {
            "w": "b"
          },
          {
            "x": "02/03"
          },
          {
            "y": "pm02/03,04,05/06,07/08,09,10,11,12"
          }
        ]
      }
    },
    {
      "891": {
        "ind1": "4",
        "ind2": "1",
        "subfields": [
          {
            "9": "863"
          },
          {
            "8": "5.1"
          },
          {
            "a": "<56>"
          },
          {
            "b": "<1>"
          },
          {
            "i": "<2005>"
          },
          {
            "j": "<02/03>"
          }
        ]
      }
    },
    {
      "891": {
        "ind1": "2",
        "ind2": "0",
        "subfields": [
          {
            "9": "853"
          },
          {
            "8": "6"
          },
          {
            "a": "v."
          },
          {
            "b": "no."
          },
          {
            "u": "4"
          },
          {
            "v": "r"
          },
          {
            "i": "(year)"
          },
          {
            "j": "(season)"
          },
          {
            "w": "q"
          }
        ]
      }
    },
    {
      "891": {
        "ind1": "4",
        "ind2": "1",
        "subfields": [
          {
            "9": "863"
          },
          {
            "8": "6.1"
          },
          {
            "a": "58"
          },
          {
            "b": "3"
          },
          {
            "i": "2008"
          },
          {
            "j": "24"
          }
        ]
      }
    },
    {
      "994": {
        "ind1": "\\",
        "ind2": "\\",
        "subfields": [
          {
            "a": "Z0"
          },
          {
            "b": "NYRVC"
          }
        ]
      }
    },
    {
      "948": {
        "ind1": "\\",
        "ind2": "\\",
        "subfields": [
          {
            "h": "NO HOLDINGS IN NYRVC - 4057 OTHER HOLDINGS"
          }
        ]
      }
    },
    {
      "999": {
        "ind1": "\\",
        "ind2": "\\",
        "subfields": [
          {
            "a": "00000000015850"
          },
          {
            "v": "v. 39, no. 6"
          }
        ]
      }
    }
  ]
}